<?xml version="1.0" encoding="UTF-8"?><record xmlns="http://www.loc.gov/MARC21/slim" xmlns:cinclude="http://apache.org/cocoon/include/1.0" xmlns:zs="http://www.loc.gov/zing/srw/">
  <leader>01024cz  a2200181n  4500</leader>
  <controlfield tag="001">n  92086482 </controlfield>
  <controlfield tag="003">DLC</controlfield>
  <controlfield tag="005">20050131090317.0</controlfield>
  <controlfield tag="008">920827n| acannaab           |a aaa      </controlfield>
  <datafield tag="010" ind1=" " ind2=" ">
    <subfield code="a">n  92086482 </subfield>
  </datafield>
  <datafield tag="040" ind1=" " ind2=" ">
    <subfield code="a">DLC</subfield>
    <subfield code="c">DLC</subfield>
    <subfield code="d">DLC</subfield>
  </datafield>
  <datafield tag="100" ind1="1" ind2=" ">
    <subfield code="a">Gromov, Nikolaĭ,</subfield>
    <subfield code="d">1896-1958</subfield>
  </datafield>
  <datafield tag="400" ind1="1" ind2=" ">
    <subfield code="a">Goromov, Nikolaĭ,</subfield>
    <subfield code="d">1896-1958</subfield>
  </datafield>
  <datafield tag="500" ind1="1" ind2=" ">
    <subfield code="w">nnnc</subfield>
    <subfield code="a">Shteppa, Konstantin,</subfield>
    <subfield code="d">1896-1958</subfield>
  </datafield>
  <datafield tag="663" ind1=" " ind2=" ">
    <subfield code="a">Works by this author are entered under the name used in the item. For a listing of other names used by this auth, search also under:</subfield>
    <subfield code="b">Shteppa, Konstantin, 1896-1958.</subfield>
  </datafield>
  <datafield tag="670" ind1=" " ind2=" ">
    <subfield code="a">His Pered rasvi︠e︡tom, 1927:</subfield>
    <subfield code="b">t.p. (Nikolaĭ Gromov)</subfield>
  </datafield>
  <datafield tag="670" ind1=" " ind2=" ">
    <subfield code="a">Foster, L. Bibl. russ. zarub. lit-ry, 1970:</subfield>
    <subfield code="b">p. 1196 (Shteppa, Konstantin Feodosʹevich; 1896-1959; used pseud. Nikolaĭ Goromov [i.e. Gromov])</subfield>
  </datafield>
  <datafield tag="675" ind1=" " ind2=" ">
    <subfield code="a">LC data base, 08-27-92 (hdg.: Shteppa, Konstantin, 1896-1958) LC manual cat. (hdg.: Shteppa, Konstantin Feodosʹevich, 1896-1958; usages: Nikolaĭ Gromov, K. Shtepa [Ukr. form], Konstantin Shteppa; variant: W. Godin; d. Nov. 19, 1958)</subfield>
  </datafield>
</record>